../roles_bib/bib.bib