% Role Theory
% http://books.google.com/books?id=btNcNob7uVUC&lpg=PA233&dq=%22role%20theory%22&pg=PA233#v=onepage&q&f=false

@article{BlakeG05,
  author    = {M. Brian Blake and
               Hassan Gomaa},
  title     = {Agent-oriented compositional approaches to services-based
               cross-organizational workflow},
  journal   = {Decision Support Systems},
  volume    = {40},
  number    = {1},
  year      = {2005},
  pages     = {31-50},
  ee        = {http://dx.doi.org/10.1016/j.dss.2004.04.003},
  bibsource = {DBLP, http://dblp.uni-trier.de}
}

@article{BordiniBDFGLOPR06,
  author    = {Rafael H. Bordini and
               Lars Braubach and
               Mehdi Dastani and
               Amal El Fallah-Seghrouchni and
               Jorge J. G{\'o}mez-Sanz and
               Jo{\~a}o Leite and
               Gregory M. P. O'Hare and
               Alexander Pokahr and
               Alessandro Ricci},
  title     = {A Survey of Programming Languages and Platforms for Multi-Agent
               Systems},
  journal   = {Informatica (Slovenia)},
  volume    = {30},
  number    = {1},
  year      = {2006},
  pages     = {33-44},
  ee        = {http://www.informatica.si/PDF/30-1/02_Bordini-A\%20Survey\%20of\%20Programming\%20Languages\%20and\%20Platforms...pdf},
  bibsource = {DBLP, http://dblp.uni-trier.de}
}

@techreport{BrescianiGGMP02,
  author = "Paolo Bresciani and
               Paolo Giorgini and
               Fausto Giunchiglia and
               John Mylopoulos and Anna Perini",
  title = "{Tropos}: An Agent-Oriented Software Development Methodology",
  institution = "University of Trento",
  year = "2002"
}

@inproceedings{BrescianiPGGM01,
  author    = {Paolo Bresciani and
               Anna Perini and
               Paolo Giorgini and
               Fausto Giunchiglia and
               John Mylopoulos},
  title     = {A knowledge level software engineering methodology for agent
               oriented programming},
  booktitle = {Agents},
  year      = {2001},
  pages     = {648-655},
  ee        = {http://portal.acm.org/citation.cfm?id=375735.376477},
  bibsource = {DBLP, http://dblp.uni-trier.de}
}

@misc{Burmeister96,
  author = "Brigit Burmeister",
  title = "Models and Methodologies for Agent-Oriented Analysis and Design",
  howpublished = "Working Notes of the KI'96 Workshop on Agent-Oriented Programming and Distributed Systems",
  year = "1996",
}

@article{HubnerSB07,
  author    = {Jomi Fred H{\"u}bner and
               Jaime Sim{\~a}o Sichman and
               Olivier Boissier},
  title     = {Developing Organised Multiagent Systems Using the {Moise+} Model: Programming Issues at the System and Agent Levels},
  journal   = {IJAOSE},
  volume    = {1},
  number    = {3/4},
  year      = {2007},
  pages     = {370-395},
  ee        = {http://dx.doi.org/10.1504/IJAOSE.2007.016266},
  bibsource = {DBLP, http://dblp.uni-trier.de}
}

@inproceedings{IglesiasGC98,
  author    = {Carlos Angel Iglesias and
               Mercedes Garijo and
               Jos{\'e} Centeno-Gonz{\'a}lez},
  title     = {A Survey of Agent-Oriented Methodologies},
  booktitle = {ATAL},
  year      = {1998},
  pages     = {317-330},
  crossref  = {DBLP:conf/atal/1998},
  bibsource = {DBLP, http://dblp.uni-trier.de}
}

@article{Jennings93,
  author = "Nick Jennings",
  title = "Commitments and Conventions: The Foundation of Coordination in Multi-agent Systems",
  journal = "Knowledge Engineering Review",
  year = "1993"
}

@inproceedings{Lind00,
  author    = {J{\"u}rgen Lind},
  title     = {Issues in Agent-Oriented Software Engineering},
  booktitle = {AOSE},
  year      = {2000},
  pages     = {45-58},
  ee        = {http://link.springer.de/link/service/series/0558/bibs/1957/19570045.htm},
  crossref  = {DBLP:conf/aose/2000},
  bibsource = {DBLP, http://dblp.uni-trier.de}
}

@inproceedings{RicciPABHD08,
  author    = {Alessandro Ricci and
               Michele Piunti and
               Daghan L. Acay and
               Rafael H. Bordini and
               Jomi Fred H{\"u}bner and
               Mehdi Dastani},
  title     = {Integrating heterogeneous agent programming platforms within
               artifact-based environments},
  booktitle = {AAMAS (1)},
  year      = {2008},
  pages     = {225-232},
  ee        = {http://doi.acm.org/10.1145/1402383.1402419},
  crossref  = {DBLP:conf/atal/2008-1},
  bibsource = {DBLP, http://dblp.uni-trier.de}
}

@inproceedings{RiemsdijkDMB06,
  author    = {M. Birna van Riemsdijk and
               Mehdi Dastani and
               John-Jules Ch. Meyer and
               Frank S. de Boer},
  title     = {Goal-oriented modularity in agent programming},
  booktitle = {AAMAS},
  year      = {2006},
  pages     = {1271-1278},
  ee        = {http://doi.acm.org/10.1145/1160633.1160864},
  crossref  = {DBLP:conf/atal/2006},
  bibsource = {DBLP, http://dblp.uni-trier.de}
}

@article{Shoham93,
  author    = {Yoav Shoham},
  title     = {Agent-Oriented Programming},
  journal   = {Artif. Intell.},
  volume    = {60},
  number    = {1},
  year      = {1993},
  pages     = {51-92},
  bibsource = {DBLP, http://dblp.uni-trier.de}
}

@inproceedings{StergiouAW03,
  author    = {Christos Stergiou and
               Geert Arys and
               Michael Wooldridge},
  title     = {A policy based framework for agents: on the specification
               of an agent policy language including roles, relationships,
               conversation patterns and co-operation patterns},
  booktitle = {AAMAS},
  year      = {2003},
  pages     = {1126-1127},
  ee        = {http://doi.acm.org/10.1145/860575.860828},
  crossref  = {DBLP:conf/atal/2003},
  bibsource = {DBLP, http://dblp.uni-trier.de}
}

@inproceedings{TinnemeierDM09,
  author    = {Nick A. M. Tinnemeier and
               Mehdi Dastani and
               John-Jules Ch. Meyer},
  title     = {Roles and norms for programming agent organizations},
  booktitle = {AAMAS (1)},
  year      = {2009},
  pages     = {121-128},
  ee        = {http://doi.acm.org/10.1145/1558013.1558029},
  crossref  = {DBLP:conf/atal/2009-1},
  bibsource = {DBLP, http://dblp.uni-trier.de}
}

@inproceedings{Tveit01,
  author = "Amund Tveit",
  title = "A Survey of Agent-Oriented Software Engineering",
  booktitle = "Proceedings of the First NTNU CSGSC",
  year = "2001"
}

@article{VieiraMWB07,
  author    = {Renata Vieira and
               {\'A}lvaro F. Moreira and
               Michael Wooldridge and
               Rafael H. Bordini},
  title     = {On the Formal Semantics of Speech-Act Based Communication
               in an Agent-Oriented Programming Language},
  journal   = {J. Artif. Intell. Res. (JAIR)},
  volume    = {29},
  year      = {2007},
  pages     = {221-267},
  ee        = {http://dx.doi.org/10.1613/jair.2221},
  bibsource = {DBLP, http://dblp.uni-trier.de}
}

@inproceedings{WeissRN03,
  author    = {Gerhard Wei{\ss} and
               Michael Rovatsos and
               Matthias Nickles},
  title     = {Capturing agent autonomy in roles and XML},
  booktitle = {AAMAS},
  year      = {2003},
  pages     = {105-112},
  ee        = {http://doi.acm.org/10.1145/860575.860593},
  crossref  = {DBLP:conf/atal/2003},
  bibsource = {DBLP, http://dblp.uni-trier.de}
}

@inproceedings{WooldridgeC00,
  author    = {Michael Wooldridge and
               Paolo Ciancarini},
  title     = {Agent-Oriented Software Engineering: The State of the Art},
  booktitle = {AOSE},
  year      = {2000},
  pages     = {1-28},
  ee        = {http://link.springer.de/link/service/series/0558/bibs/1957/19570001.htm},
  crossref  = {DBLP:conf/aose/2000},
  bibsource = {DBLP, http://dblp.uni-trier.de}
}

@article{WoolridgeJ95,
  author = "Michael Wooldridge and Nicholas R. Jennings",
  title = "Intelligent Agents: Theory and Practice",
  journal = "Knowledge Engineering Review",
  year = "1995"
}

@article{WooldridgeJK00,
  author    = {Michael Wooldridge and
               Nicholas R. Jennings and
               David Kinny},
  title     = {The Gaia Methodology for Agent-Oriented Analysis and Design},
  journal   = {Autonomous Agents and Multi-Agent Systems},
  volume    = {3},
  number    = {3},
  year      = {2000},
  pages     = {285-312},
  bibsource = {DBLP, http://dblp.uni-trier.de}
}

@incollection{ZambonelliJOW01,
  author    = {Franco Zambonelli and
               Nicholas R. Jennings and
               Andrea Omicini and
               Michael Wooldridge},
  title     = {Agent-Oriented Software Engineering for Internet Applications},
  booktitle = {Coordination of Internet Agents: Models, Technologies, and
               Applications},
  year      = {2001},
  pages     = {326-346},
  bibsource = {DBLP, http://dblp.uni-trier.de}
}

% Groups

@proceedings{DBLP:conf/aose/2000,
  editor    = {Paolo Ciancarini and
               Michael Wooldridge},
  title     = {Agent-Oriented Software Engineering, First International
               Workshop, AOSE 2000, Limerick, Ireland, June 10, 2000, Revised
               Papers},
  booktitle = {AOSE},
  publisher = {Springer},
  series    = {Lecture Notes in Computer Science},
  volume    = {1957},
  year      = {2001},
  isbn      = {3-540-41594-7},
  bibsource = {DBLP, http://dblp.uni-trier.de}
}

@proceedings{DBLP:conf/atal/1998,
  editor    = {J{\"o}rg P. M{\"u}ller and
               Munindar P. Singh and
               Anand S. Rao},
  title     = {Intelligent Agents V, Agent Theories, Architectures, and
               Languages, 5th International Workshop, ATAL '98, Paris,
               France, July 4-7, 1998, Proceedings},
  booktitle = {ATAL},
  publisher = {Springer},
  series    = {Lecture Notes in Computer Science},
  volume    = {1555},
  year      = {1999},
  isbn      = {3-540-65713-4},
  bibsource = {DBLP, http://dblp.uni-trier.de}
}

@proceedings{DBLP:conf/atal/2003,
  title     = {The Second International Joint Conference on Autonomous
               Agents {\&} Multiagent Systems, AAMAS 2003, July 14-18,
               2003, Melbourne, Victoria, Australia, Proceedings},
  booktitle = {AAMAS},
  publisher = {ACM},
  year      = {2003},
  isbn      = {1-58113-683-8},
  bibsource = {DBLP, http://dblp.uni-trier.de}
}

@proceedings{DBLP:conf/atal/2006,
  editor    = {Hideyuki Nakashima and
               Michael P. Wellman and
               Gerhard Weiss and
               Peter Stone},
  title     = {5th International Joint Conference on Autonomous Agents
               and Multiagent Systems (AAMAS 2006), Hakodate, Japan, May
               8-12, 2006},
  booktitle = {AAMAS},
  publisher = {ACM},
  year      = {2006},
  isbn      = {1-59593-303-4},
  bibsource = {DBLP, http://dblp.uni-trier.de}
}

@proceedings{DBLP:conf/atal/2008-1,
  editor    = {Lin Padgham and
               David C. Parkes and
               J{\"o}rg M{\"u}ller and
               Simon Parsons},
  title     = {7th International Joint Conference on Autonomous Agents
               and Multiagent Systems (AAMAS 2008), Estoril, Portugal,
               May 12-16, 2008, Volume 1},
  booktitle = {AAMAS (1)},
  publisher = {IFAAMAS},
  year      = {2008},
  isbn      = {978-0-9817381-0-9},
  bibsource = {DBLP, http://dblp.uni-trier.de}
}

@proceedings{DBLP:conf/atal/2009-1,
  editor    = {Carles Sierra and
               Cristiano Castelfranchi and
               Keith S. Decker and
               Jaime Sim{\~a}o Sichman},
  title     = {8th International Joint Conference on Autonomous Agents
               and Multiagent Systems (AAMAS 2009), Budapest, Hungary,
               May 10-15, 2009, Volume 1},
  booktitle = {AAMAS (1)},
  publisher = {IFAAMAS},
  year      = {2009},
  isbn      = {978-0-9817381-6-1},
  bibsource = {DBLP, http://dblp.uni-trier.de}
}

