@inproceedings{DBLP:conf/popl/WadlerB89,
  author    = {Philip Wadler and
               Stephen Blott},
  title     = {How to Make ad-hoc Polymorphism Less ad-hoc},
  booktitle = {POPL},
  year      = {1989},
  pages     = {60-76},
  ee        = {http://doi.acm.org/10.1145/75277.75283},
  bibsource = {DBLP, http://dblp.uni-trier.de}
}

@inproceedings{DBLP:conf/prima/DastaniMS08,
  author    = {Mehdi Dastani and
               Christian P. Mol and
               Bas R. Steunebrink},
  title     = {Modularity in Agent Programming Languages},
  booktitle = {PRIMA},
  year      = {2008},
  pages     = {139-152},
  ee        = {http://dx.doi.org/10.1007/978-3-540-89674-6_17},
  crossref  = {DBLP:conf/prima/2008},
  bibsource = {DBLP, http://dblp.uni-trier.de}
}

@proceedings{DBLP:conf/prima/2008,
  editor    = {The Duy Bui and
               Tuong Vinh Ho and
               Quang-Thuy Ha},
  title     = {Intelligent Agents and Multi-Agent Systems, 11th Pacific
               Rim International Conference on Multi-Agents, PRIMA 2008,
               Hanoi, Vietnam, December 15-16, 2008. Proceedings},
  booktitle = {PRIMA},
  publisher = {Springer},
  series    = {Lecture Notes in Computer Science},
  volume    = {5357},
  year      = {2008},
  isbn      = {978-3-540-89673-9},
  ee        = {http://dx.doi.org/10.1007/978-3-540-89674-6},
  bibsource = {DBLP, http://dblp.uni-trier.de}
}
