@inproceedings{conf/aose/WooldridgeC00,
  author    = {Michael Wooldridge and
               Paolo Ciancarini},
  title     = {Agent-Oriented Software Engineering: The State of the Art},
  booktitle = {AOSE},
  year      = {2000},
  pages     = {1--28},
  ee        = {http://link.springer.de/link/service/series/0558/bibs/1957/19570001.htm},
  crossref  = {conf/aose/2000},
  bibsource = {DBLP, http://dblp.uni-trier.de},
  annote = {
    The most awesome survey $\cdots$ of its time.
  }
}

@article{journals/aamas/WooldridgeJK00,
  author    = {Michael Wooldridge and
               Nicholas R. Jennings and
               David Kinny},
  title     = {The Gaia Methodology for Agent-Oriented Analysis and Design},
  journal   = {Autonomous Agents and Multi-Agent Systems},
  volume    = {3},
  number    = {3},
  year      = {2000},
  pages     = {285--312},
  bibsource = {DBLP, http://dblp.uni-trier.de},
  annote = {
    The best Java library for doing AOP.
  }
}

@article{journals/ai/Shoham93,
  author    = {Yoav Shoham},
  title     = {Agent-Oriented Programming},
  journal   = {Artif. Intell.},
  volume    = {60},
  number    = {1},
  year      = {1993},
  pages     = {51--92},
  bibsource = {DBLP, http://dblp.uni-trier.de},
  annote = {
    This is the article that introduced the AOP concept. It identifies the
    main components of an AOP framework: (1)~a language for representing
    mental states, (2)~a language for manipulating mental states and messages,
    and (3)~bla-bla.
  }
}

% Group
@proceedings{conf/aose/2000,
  editor    = {Paolo Ciancarini and
               Michael Wooldridge},
  title     = {Agent-Oriented Software Engineering, First International
               Workshop, AOSE 2000, Limerick, Ireland, June 10, 2000, Revised
               Papers},
  booktitle = {AOSE},
  publisher = {Springer},
  series    = {Lecture Notes in Computer Science},
  volume    = {1957},
  year      = {2001},
  isbn      = {3-540-41594-7},
  bibsource = {DBLP, http://dblp.uni-trier.de},
  annote = {
    In these proceedings, bla-blal.
  }
}


