@INPROCEEDINGS{Collier2005,
  author = {Rem Collier and Robert Ross and Gregory O'Hare},
  title = {A Role-based Approach to Reuse in Agent-Oriented Programming},
  booktitle = {AAAI Fall Symposium: Roles, an Interdisciplinary Perspective},
  year = {2005},
  address = {Arlington, Virginia, USA},
  month = {3-6 November},
}

@incollection{AlgebraicDT09,
year={2009},
isbn={978-3-540-89184-0},
booktitle={Pattern Calculus},
doi={10.1007/978-3-540-89185-7_14},
title={Algebraic Data Types},
url={http://dx.doi.org/10.1007/978-3-540-89185-7_14},
publisher={Springer Berlin Heidelberg},
author={Jay, Barry},
pages={149-160},
language={English}
}

@incollection{DBLP:books/sp/map2005/BellifemineBCP05,
  author    = {Fabio Bellifemine and
               Federico Bergenti and
               Giovanni Caire and
               Agostino Poggi},
  title     = {{JADE} - A {Java} Agent Development Framework},
  booktitle = {Multi-Agent Programming},
  year      = {2005},
  pages     = {125-147},
  crossref  = {DBLP:books/sp/map05},
  bibsource = {DBLP, http://dblp.uni-trier.de}
}

@book{DBLP:books/sp/map05,
  editor    = {Rafael H. Bordini and
               Mehdi Dastani and
               J{\"u}rgen Dix and
               Amal El Fallah-Seghrouchni},
  title     = {Multi-Agent Programming: Languages, Platforms and Applications},
  booktitle = {Multi-Agent Programming},
  publisher = {Springer},
  series    = {Multiagent Systems, Artificial Societies, and Simulated
               Organizations},
  volume    = {15},
  year      = {2005},
  isbn      = {0-387-24568-5},
  bibsource = {DBLP, http://dblp.uni-trier.de}
}

@incollection{DohertySD01,
  author    = {John P. Docherty and
               Richard C. Surles and
               Catherine M. Donovan},
  title     = {Organization Theory},
  booktitle = {A Textbook of Administrative Psychiatry},
  year      = {2001},
  pages     = {33-42},
  crossref  = {talbott01},
}

@book{talbott01,
  editor    = {John A. Talbott and
               Robert E. Hales},
  title     = {A Textbook of Administrative Psychiatry},
  booktitle = {A Textbook of Administrative Psychiatry},
  publisher = {American Psychiatric Publishing Inc},
  year      = {2001},
  isbn      = {0-88048-745-3},
}

@book{Bratman:1999,
  author =       {Bratman, Michael E.},
  title =        {Intentions, Plans, and Practical Reason},
  publisher =    {Cambridge University Press},
  year =         {1999}
}

@inproceedings{DBLP:conf/ctcs/Hagino87,
  author    = {Tatsuya Hagino},
  title     = {A Typed Lambda Calculus with Categorical Type Constructors},
  booktitle = {Category Theory and Computer Science},
  year      = {1987},
  pages     = {140-157},
  crossref  = {DBLP:conf/ctcs/1987},
  bibsource = {DBLP, http://dblp.uni-trier.de}
}

@article{DBLP:journals/corr/cs-AI-0207008,
  author    = {Frank S. de Boer and
               Koen V. Hindriks and
               Wiebe van der Hoek and
               John-Jules Ch. Meyer},
  title     = {Agent Programming with Declarative Goals},
  journal   = {CoRR},
  volume    = {cs.AI/0207008},
  year      = {2002},
  ee        = {http://arxiv.org/abs/cs.AI/0207008},
  bibsource = {DBLP, http://dblp.uni-trier.de}
}

@article{DBLP:journals/tosem/ZambonelliJW03,
  author    = {Franco Zambonelli and
               Nicholas R. Jennings and
               Michael Wooldridge},
  title     = {Developing multiagent systems: The Gaia methodology},
  journal   = {ACM Trans. Softw. Eng. Methodol.},
  volume    = {12},
  number    = {3},
  year      = {2003},
  pages     = {317-370},
  ee        = {http://doi.acm.org/10.1145/958961.958963},
  bibsource = {DBLP, http://dblp.uni-trier.de}
}

@inproceedings{DBLP:conf/dalt/AnconaDM12,
  author    = {Davide Ancona and
               Sophia Drossopoulou and
               Viviana Mascardi},
  title     = {Automatic Generation of Self-monitoring MASs from Multiparty
               Global Session Types in Jason},
  booktitle = {DALT},
  year      = {2012},
  pages     = {76-95},
  ee        = {http://dx.doi.org/10.1007/978-3-642-37890-4_5},
  crossref  = {DBLP:conf/dalt/2012},
  bibsource = {DBLP, http://dblp.uni-trier.de}
}

@InProceedings{   dblp:conf/parle/takeuchihk94,
  author        = "Kaku Takeuchi and Kohei Honda and Makoto Kubo",
  title         = "An Interaction-based Language and its Typing System",
  booktitle     = "PARLE",
  year          = "1994",
  pages         = "398-413",
  crossref      = "DBLP:conf/parle/1994",
  bibsource     = "DBLP, http://dblp.uni-trier.de"
}

@InProceedings{   dblp:conf/popl/hondayc08,
  author        = "Kohei Honda and Nobuko Yoshida and Marco Carbone",
  title         = "Multiparty asynchronous session types",
  booktitle     = "POPL",
  year          = "2008",
  pages         = "273-284",
  ee            = "http://doi.acm.org/10.1145/1328438.1328472",
  crossref      = "DBLP:conf/popl/2008",
  bibsource     = "DBLP, http://dblp.uni-trier.de"
}

@inproceedings{DBLP:conf/jelia/indriksH08,
  author    = {Koen V. Hindriks and
               Wiebe van der Hoek},
  title     = {GOAL Agents Instantiate Intention Logic},
  booktitle = {JELIA},
  year      = {2008},
  pages     = {232-244},
  ee        = {http://dx.doi.org/10.1007/978-3-540-87803-2_20},
  crossref  = {DBLP:conf/jelia/2008},
  bibsource = {DBLP, http://dblp.uni-trier.de}
}

@inproceedings{DBLP:conf/atal/HubnerSB02,
  author    = {Jomi Fred H{\"u}bner and
               Jaime Sim{\~a}o Sichman and
               Olivier Boissier},
  title     = {MOISE+: towards a structural, functional, and deontic model
               for MAS organization},
  booktitle = {AAMAS},
  year      = {2002},
  pages     = {501-502},
  ee        = {http://doi.acm.org/10.1145/544741.544858},
  crossref  = {DBLP:conf/atal/2002},
  bibsource = {DBLP, http://dblp.uni-trier.de}
}

@inproceedings{DBLP:conf/promas/Fisher05,
  author    = {Michael Fisher},
  title     = {MetateM: The Story so Far},
  booktitle = {PROMAS},
  year      = {2005},
  pages     = {3-22},
  ee        = {http://dx.doi.org/10.1007/11678823_1},
  crossref  = {DBLP:conf/promas/2005},
  bibsource = {DBLP, http://dblp.uni-trier.de}
}

@inproceedings{DBLP:conf/aaai/GeorgeffL87,
  author    = {Michael P. Georgeff and
               Amy L. Lansky},
  title     = {Reactive Reasoning and Planning},
  booktitle = {AAAI},
  year      = {1987},
  pages     = {677-682},
  ee        = {http://www.aaai.org/Library/AAAI/1987/aaai87-121.php},
  crossref  = {DBLP:conf/aaai/1987},
  bibsource = {DBLP, http://dblp.uni-trier.de}
}

@inproceedings{DBLP:conf/agents/GutknechtF00a,
  author    = {Olivier Gutknecht and
               Jacques Ferber},
  title     = {The {MADKIT} Agent Platform Architecture},
  booktitle = {Agents Workshop on Infrastructure for Multi-Agent Systems},
  year      = {2000},
  pages     = {48-55},
  ee        = {http://link.springer.de/link/service/series/0558/bibs/1887/18870048.htm},
  crossref  = {DBLP:conf/agents/2000w},
  bibsource = {DBLP, http://dblp.uni-trier.de}
}

@InProceedings{   dblp:conf/aose/ferbergm03,
  author        = "Jacques Ferber and Olivier Gutknecht and Fabien Michel",
  title         = "From Agents to Organizations: An Organizational View of
                  Multi-agent Systems",
  booktitle     = "AOSE",
  year          = "2003",
  pages         = "214-230",
  ee            = "http://springerlink.metapress.com/openurl.asp?genre=article{\&}issn=0302-9743{\&}volume=2935{\&}spage=214"
                  ,
  crossref      = "DBLP:conf/aose/2003",
  bibsource     = "DBLP, http://dblp.uni-trier.de"
}

@InProceedings{   dblp:conf/atal/hubnersb05,
  author        = "Jomi Fred H{\"u}bner and Jaime Sim{\~a}o Sichman and
                  Olivier Boissier",
  title         = "{S-MOISE$^{\mbox{+}}$}: A Middleware for Developing
                  Organised Multi-agent Systems",
  booktitle     = "AAMAS Workshops",
  year          = "2005",
  pages         = "64-78",
  ee            = "http://dx.doi.org/10.1007/11775331_5",
  crossref      = "DBLP:conf/atal/2005w",
  bibsource     = "DBLP, http://dblp.uni-trier.de"
}

@inproceedings{DBLP:conf/jit/MoraitisPS02,
  author    = {Pavlos Moraitis and
               Eleftheria Petraki and
               Nikolaos I. Spanoudakis},
  title     = {Engineering {JADE} Agents with the {Gaia} Methodology},
  booktitle = {Agent Technologies, Infrastructures, Tools, and Applications
               for E-Services},
  year      = {2002},
  pages     = {77-91},
  ee        = {http://link.springer.de/link/service/series/0558/bibs/2592/25920077.htm},
  crossref  = {DBLP:conf/jit/2002agents},
  bibsource = {DBLP, http://dblp.uni-trier.de}
}

@incollection{DBLP:books/sp/map2005/BordiniHV05,
  author    = {Rafael H. Bordini and
               Jomi Fred H{\"u}bner and
               Renata Vieira},
  title     = {Jason and the Golden Fleece of Agent-Oriented Programming},
  booktitle = {Multi-Agent Programming},
  year      = {2005},
  pages     = {3-37},
  crossref  = {DBLP:books/sp/map05},
  bibsource = {DBLP, http://dblp.uni-trier.de}
}

@inproceedings{DBLP:conf/aose/DastaniRHDM04,
  author    = {Mehdi Dastani and
               Birna van Riemsdijk and
               Joris Hulstijn and
               Frank Dignum and
               John-Jules Ch. Meyer},
  title     = {Enacting and Deacting Roles in Agent Programming},
  booktitle = {AOSE},
  year      = {2004},
  pages     = {189-204},
  ee        = {http://dx.doi.org/10.1007/978-3-540-30578-1_13},
  crossref  = {DBLP:conf/aose/2004},
  bibsource = {DBLP, http://dblp.uni-trier.de}
}

@InProceedings{   dblp:conf/prima/dastanims08,
  author        = "Mehdi Dastani and Christian P. Mol and Bas R. Steunebrink",
  title         = "Modularity in Agent Programming Languages",
  booktitle     = "PRIMA",
  year          = "2008",
  pages         = "139-152",
  ee            = "http://dx.doi.org/10.1007/978-3-540-89674-6_17",
  crossref      = "DBLP:conf/prima/2008",
  bibsource     = "DBLP, http://dblp.uni-trier.de"
}

@inproceedings{DBLP:conf/promas/RicciS12,
  author    = {Alessandro Ricci and
               Andrea Santi},
  title     = {Typing Multi-agent Programs in simpAL},
  booktitle = {ProMAS},
  year      = {2012},
  pages     = {138-157},
  ee        = {http://dx.doi.org/10.1007/978-3-642-38700-5_9},
  crossref  = {DBLP:conf/promas/2012},
  bibsource = {DBLP, http://dblp.uni-trier.de}
}

@inproceedings{DBLP:conf/icmas/RaoG95,
  author    = {Anand S. Rao and
               Michael P. Georgeff},
  title     = {BDI Agents: From Theory to Practice},
  booktitle = {ICMAS},
  year      = {1995},
  pages     = {312-319},
  crossref  = {DBLP:conf/icmas/1995},
  bibsource = {DBLP, http://dblp.uni-trier.de}
}

@inproceedings{DBLP:conf/atal/RicciVO07,
  author    = {Alessandro Ricci and
               Mirko Viroli and
               Andrea Omicini},
  title     = {Give agents their artifacts: the A{\&}A approach for engineering
               working environments in MAS},
  booktitle = {AAMAS},
  year      = {2007},
  pages     = {150},
  ee        = {http://doi.acm.org/10.1145/1329125.1329308},
  crossref  = {DBLP:conf/atal/2007},
  bibsource = {DBLP, http://dblp.uni-trier.de}
}

@inproceedings{DBLP:conf/aose/ZambonelliJW00,
  author    = {Franco Zambonelli and
               Nicholas R. Jennings and
               Michael Wooldridge},
  title     = {Organizational Abstractions for the Analysis and Design
               of Multi-agent Systems},
  booktitle = {AOSE},
  year      = {2000},
  pages     = {235-251},
  ee        = {http://dx.doi.org/10.1007/3-540-44564-1_16},
  crossref  = {DBLP:conf/aose/2000},
  bibsource = {DBLP, http://dblp.uni-trier.de}
}

@Proceedings{     dblp:conf/parle/1994,
  editor        = "Constantine Halatsis and Dimitris G. Maritsas and George
                  Philokyprou and Sergios Theodoridis",
  title         = "{PARLE '94}: Parallel Architectures and Languages Europe,
                  6th International PARLE Conference, Athens, Greece, July
                  4-8, 1994, Proceedings",
  booktitle     = "PARLE",
  publisher     = "Springer",
  series        = "Lecture Notes in Computer Science",
  volume        = "817",
  year          = "1994",
  isbn          = "3-540-58184-7",
  bibsource     = "DBLP, http://dblp.uni-trier.de"
}

@Book{            dblp:books/daglib/0005958,
  author        = "Benjamin C. Pierce",
  title         = "Types and programming languages",
  publisher     = "MIT Press",
  year          = "2002",
  isbn          = "978-0-262-16209-8",
  pages         = "I-XXI, 1-623",
  bibsource     = "DBLP, http://dblp.uni-trier.de"
}

@InProceedings{   dblp:conf/popl/wadlerb89,
  author        = "Philip Wadler and Stephen Blott",
  title         = "How to Make ad-hoc Polymorphism Less ad-hoc",
  booktitle     = "POPL",
  year          = "1989",
  pages         = "60-76",
  ee            = "http://doi.acm.org/10.1145/75277.75283",
  bibsource     = "DBLP, http://dblp.uni-trier.de"
}

@proceedings{DBLP:conf/dalt/2012,
  editor    = {Matteo Baldoni and
               Louise A. Dennis and
               Viviana Mascardi and
               Wamberto Vasconcelos},
  title     = {Declarative Agent Languages and Technologies X - 10th International
               Workshop, DALT 2012, Valencia, Spain, June 4, 2012, Revised
               Selected Papers},
  booktitle = {DALT},
  publisher = {Springer},
  series    = {Lecture Notes in Computer Science},
  volume    = {7784},
  year      = {2013},
  isbn      = {978-3-642-37889-8},
  ee        = {http://dx.doi.org/10.1007/978-3-642-37890-4},
  bibsource = {DBLP, http://dblp.uni-trier.de}
}

@proceedings{DBLP:conf/agents/2000w,
  editor    = {Thomas Wagner and
               Omer F. Rana},
  title     = {Infrastructure for Agents, Multi-Agent Systems, and Scalable
               Multi-Agent Systems, International Workshop on Infrastructure
               for Multi-Agent Systems, Barcelona, Spain, June 3-7, 2000,
               Revised Papers},
  booktitle = {Agents Workshop on Infrastructure for Multi-Agent Systems},
  publisher = {Springer},
  series    = {Lecture Notes in Computer Science},
  volume    = {1887},
  year      = {2001},
  isbn      = {3-540-42315-X},
  bibsource = {DBLP, http://dblp.uni-trier.de}
}

@proceedings{DBLP:conf/atal/2002,
  title     = {The First International Joint Conference on Autonomous Agents
               {\&} Multiagent Systems, AAMAS 2002, July 15-19, 2002,
               Bologna, Italy, Proceedings},
  booktitle = {AAMAS},
  publisher = {ACM},
  year      = {2002},
  bibsource = {DBLP, http://dblp.uni-trier.de}
}

@proceedings{DBLP:conf/icmas/1995,
  editor    = {Victor R. Lesser and
               Les Gasser},
  title     = {Proceedings of the First International Conference on Multiagent
               Systems, June 12-14, 1995, San Francisco, California, USA},
  booktitle = {ICMAS},
  publisher = {The MIT Press},
  year      = {1995},
  isbn      = {0-262-62102-9},
  bibsource = {DBLP, http://dblp.uni-trier.de}
}

@proceedings{DBLP:conf/jelia/2008,
  editor    = {Steffen H{\"o}lldobler and
               Carsten Lutz and
               Heinrich Wansing},
  title     = {Logics in Artificial Intelligence, 11th European Conference,
               JELIA 2008, Dresden, Germany, September 28 - October 1,
               2008. Proceedings},
  booktitle = {JELIA},
  publisher = {Springer},
  series    = {Lecture Notes in Computer Science},
  volume    = {5293},
  year      = {2008},
  isbn      = {978-3-540-87802-5},
  bibsource = {DBLP, http://dblp.uni-trier.de}
}

@Proceedings{     dblp:conf/aose/2003,
  editor        = "Paolo Giorgini and J{\"o}rg P. M{\"u}ller and James Odell",
  title         = "Agent-Oriented Software Engineering IV, 4th International
                  Workshop, AOSE 2003, Melbourne, Australia, July 15, 2003,
                  Revised Papers",
  booktitle     = "AOSE",
  publisher     = "Springer",
  series        = "Lecture Notes in Computer Science",
  volume        = "2935",
  year          = "2003",
  isbn          = "3-540-20826-7",
  bibsource     = "DBLP, http://dblp.uni-trier.de"
}

@Proceedings{     dblp:conf/atal/2005w,
  editor        = "Olivier Boissier and Julian A. Padget and Virginia Dignum
                  and Gabriela Lindemann and Eric T. Matson and Sascha
                  Ossowski and Jaime Sim{\~a}o Sichman and Javier
                  V{\'a}zquez-Salceda",
  title         = "Coordination, Organizations, Institutions, and Norms in
                  Multi-Agent Systems, AAMAS 2005 International Workshops on
                  Agents, Norms and Institutions for Regulated Multi-Agent
                  Systems, ANIREM 2005, and Organizations in Multi-Agent
                  Systems, OOOP 2005, Utrecht, The Netherlands, July 25-26,
                  2005, Revised Selected Papers",
  booktitle     = "AAMAS Workshops",
  publisher     = "Springer",
  series        = "Lecture Notes in Computer Science",
  volume        = "3913",
  year          = "2006",
  isbn          = "3-540-35173-6",
  bibsource     = "DBLP, http://dblp.uni-trier.de"
}

@proceedings{DBLP:conf/jit/2002agents,
  editor    = {Ryszard Kowalczyk and
               J{\"o}rg P. M{\"u}ller and
               Huaglory Tianfield and
               Rainer Unland},
  title     = {Agent Technologies, Infrastructures, Tools, and Applications
               for E-Services, NODe 2002 Agent-Related Workshops, Erfurt,
               Germany, October 7-10, 2002. Revised Papers},
  booktitle = {Agent Technologies, Infrastructures, Tools, and Applications
               for E-Services},
  publisher = {Springer},
  series    = {Lecture Notes in Computer Science},
  volume    = {2592},
  year      = {2003},
  isbn      = {3-540-00742-3},
  bibsource = {DBLP, http://dblp.uni-trier.de}
}

@proceedings{DBLP:conf/aaai/1987,
  editor    = {Kenneth D. Forbus and
               Howard E. Shrobe},
  title     = {Proceedings of the 6th National Conference on Artificial
               Intelligence. Seattle, WA, July 1987},
  booktitle = {AAAI},
  publisher = {Morgan Kaufmann},
  year      = {1987},
  ee        = {http://www.aaai.org/Conferences/AAAI/aaai87.php},
  bibsource = {DBLP, http://dblp.uni-trier.de}
}

@proceedings{DBLP:conf/aose/2004,
  editor    = {James Odell and
               Paolo Giorgini and
               J{\"o}rg P. M{\"u}ller},
  title     = {Agent-Oriented Software Engineering V, 5th International
               Workshop, AOSE 2004, New York, NY, USA, July 19, 2004, Revised
               Selected Papers},
  booktitle = {AOSE},
  publisher = {Springer},
  series    = {Lecture Notes in Computer Science},
  volume    = {3382},
  year      = {2004},
  isbn      = {3-540-24286-4},
  bibsource = {DBLP, http://dblp.uni-trier.de}
}

@Proceedings{     dblp:conf/popl/2008,
  editor        = "George C. Necula and Philip Wadler",
  title         = "Proceedings of the 35th ACM SIGPLAN-SIGACT Symposium on
                  Principles of Programming Languages, POPL 2008, San
                  Francisco, California, USA, January 7-12, 2008",
  booktitle     = "POPL",
  publisher     = "ACM",
  year          = "2008",
  isbn          = "978-1-59593-689-9",
  bibsource     = "DBLP, http://dblp.uni-trier.de"
}

@proceedings{DBLP:conf/atal/2007,
  editor    = {Edmund H. Durfee and
               Makoto Yokoo and
               Michael N. Huhns and
               Onn Shehory},
  title     = {6th International Joint Conference on Autonomous Agents
               and Multiagent Systems (AAMAS 2007), Honolulu, Hawaii, USA,
               May 14-18, 2007},
  booktitle = {AAMAS},
  publisher = {IFAAMAS},
  year      = {2007},
  isbn      = {978-81-904262-7-5},
  bibsource = {DBLP, http://dblp.uni-trier.de}
}

@Proceedings{     dblp:conf/prima/2008,
  editor        = "The Duy Bui and Tuong Vinh Ho and Quang-Thuy Ha",
  title         = "Intelligent Agents and Multi-Agent Systems, 11th Pacific
                  Rim International Conference on Multi-Agents, PRIMA 2008,
                  Hanoi, Vietnam, December 15-16, 2008. Proceedings",
  booktitle     = "PRIMA",
  publisher     = "Springer",
  series        = "Lecture Notes in Computer Science",
  volume        = "5357",
  year          = "2008",
  isbn          = "978-3-540-89673-9",
  ee            = "http://dx.doi.org/10.1007/978-3-540-89674-6",
  bibsource     = "DBLP, http://dblp.uni-trier.de"
}

@article{DBLP:journals/aamas/Dastani08,
  author    = {Mehdi Dastani},
  title     = {{2APL}: a practical agent programming language},
  journal   = {Autonomous Agents and Multi-Agent Systems},
  volume    = {16},
  number    = {3},
  year      = {2008},
  pages     = {214-248},
  ee        = {http://dx.doi.org/10.1007/s10458-008-9036-y},
  bibsource = {DBLP, http://dblp.uni-trier.de}
}

@article{DBLP:journals/cacm/Parnas72a,
  author    = {David Lorge Parnas},
  title     = {On the Criteria To Be Used in Decomposing Systems into Modules},
  journal   = {Commun. ACM},
  volume    = {15},
  number    = {12},
  year      = {1972},
  pages     = {1053-1058},
  bibsource = {DBLP, http://dblp.uni-trier.de}
}

@article{DBLP:journals/entcs/BaldoniBT06,
  author    = {Matteo Baldoni and
               Guido Boella and
               Leendert W. N. van der Torre},
  title     = {Roles as a Coordination Construct: Introducing {powerJava}},
  journal   = {Electr. Notes Theor. Comput. Sci.},
  volume    = {150},
  number    = {1},
  year      = {2006},
  pages     = {9-29},
  ee        = {http://dx.doi.org/10.1016/j.entcs.2005.12.021},
  bibsource = {DBLP, http://dblp.uni-trier.de}
}

@article{DBLP:journals/ao/BoellaTV07,
  author    = {Guido Boella and
               Leendert van der Torre and
               Harko Verhagen},
  title     = {Roles, an interdisciplinary perspective},
  journal   = {Applied Ontology},
  volume    = {2},
  number    = {2},
  year      = {2007},
  pages     = {81-88},
  ee        = {http://iospress.metapress.com/content/evj2x5803440844t/},
  bibsource = {DBLP, http://dblp.uni-trier.de}
}

@article{DBLP:journals/toplas/HallHJW96,
  author    = {Cordelia V. Hall and
               Kevin Hammond and
               Simon L. Peyton Jones and
               Philip Wadler},
  title     = {Type Classes in Haskell},
  journal   = {ACM Trans. Program. Lang. Syst.},
  volume    = {18},
  number    = {2},
  year      = {1996},
  pages     = {109-138},
  ee        = {http://doi.acm.org/10.1145/227699.227700},
  bibsource = {DBLP, http://dblp.uni-trier.de}
}

@article{DBLP:journals/tc/Smith80a,
  author    = {Reid G. Smith},
  title     = {The Contract Net Protocol: High-Level Communication and
               Control in a Distributed Problem Solver},
  journal   = {IEEE Trans. Computers},
  volume    = {29},
  number    = {12},
  year      = {1980},
  pages     = {1104-1113},
  ee        = {http://doi.ieeecomputersociety.org/10.1109/TC.1980.1675516},
  bibsource = {DBLP, http://dblp.uni-trier.de}
}

@PhdThesis{phd:rem,
  author="Collier, Rem William",
  title="{Agent Factory}: A Framework for the Engineering of Agent-Oriented Applications",
  school="National University of Ireland",
  year="2002"
}

@PhdThesis{graversen06nature,
   author = {Kasper Bilsted Graversen},
   title = {The nature of roles---A taxonomic analysis of roles as a language construct},
   school = {IT University of Copenhagen, Denmark},
   year = {2006},
}

@Misc{            web:pj-tc,
  author        = "Peyton Jones, Simon",
  title         = "Classes, {Jim}, but not as we know them",
  year          = "2009",
  note          = "Invited talk at {ECOOP}",
  howpublished  = "\url{http://goo.gl/L9cAm}"
}

@Misc{web:haskell,
  title="{Haskell} 2010 Language Report",
  howpublished= "\url{http://goo.gl/jDLZv}"
}

@Misc{web:fipa,
  title="{FIPA} {C}ontract {N}et {I}nteraction {P}rotocol",
  year="2002",
  note="Foundation for Intelligent Physical Agents",
  howpublished="\url{http://www.fipa.org/specs/fipa00029/SC00029H.html}"
}

@InProceedings{garrigue1998,
  author="Jacques Garrigue",
  title="Programming with Polymorphic Variants",
  booktitle="ML Workshop",
  year="1998"
}



@InProceedings{   dblp:conf/parle/takeuchihk94,
  author        = "Kaku Takeuchi and Kohei Honda and Makoto Kubo",
  title         = "An Interaction-based Language and its Typing System",
  booktitle     = "PARLE",
  year          = "1994",
  pages         = "398-413",
  crossref      = "DBLP:conf/parle/1994",
  bibsource     = "DBLP, http://dblp.uni-trier.de"
}


@InProceedings{   dblp:conf/agents/gutknechtf00a,
  author        = "Olivier Gutknecht and Jacques Ferber",
  title         = "The {MADKIT} Agent Platform Architecture",
  booktitle     = "Agents Workshop on Infrastructure for Multi-Agent Systems",
  year          = "2000",
  pages         = "48-55",
  ee            = "http://link.springer.de/link/service/series/0558/bibs/1887/18870048.htm"
                  ,
  crossref      = "DBLP:conf/agents/2000w",
  bibsource     = "DBLP, http://dblp.uni-trier.de"
}

@InProceedings{   dblp:conf/aose/ferbergm03,
  author        = "Jacques Ferber and Olivier Gutknecht and Fabien Michel",
  title         = "From Agents to Organizations: An Organizational View of
                  Multi-agent Systems",
  booktitle     = "AOSE",
  year          = "2003",
  pages         = "214-230",
  ee            = "http://springerlink.metapress.com/openurl.asp?genre=article{\&}issn=0302-9743{\&}volume=2935{\&}spage=214"
                  ,
  crossref      = "DBLP:conf/aose/2003",
  bibsource     = "DBLP, http://dblp.uni-trier.de"
}

@InProceedings{   dblp:conf/atal/hubnersb05,
  author        = "Jomi Fred H{\"u}bner and Jaime Sim{\~a}o Sichman and
                  Olivier Boissier",
  title         = "{S-MOISE$^{\mbox{+}}$}: A Middleware for Developing
                  Organised Multi-agent Systems",
  booktitle     = "AAMAS Workshops",
  year          = "2005",
  pages         = "64-78",
  ee            = "http://dx.doi.org/10.1007/11775331_5",
  crossref      = "DBLP:conf/atal/2005w",
  bibsource     = "DBLP, http://dblp.uni-trier.de"
}

@InProceedings{   dblp:conf/jit/moraitisps02,
  author        = "Pavlos Moraitis and Eleftheria Petraki and Nikolaos I.
                  Spanoudakis",
  title         = "Engineering {JADE} Agents with the {Gaia} Methodology",
  booktitle     = "Agent Technologies, Infrastructures, Tools, and
                  Applications for E-Services",
  year          = "2002",
  pages         = "77-91",
  ee            = "http://link.springer.de/link/service/series/0558/bibs/2592/25920077.htm"
                  ,
  crossref      = "DBLP:conf/jit/2002agents",
  bibsource     = "DBLP, http://dblp.uni-trier.de"
}


@Misc{            site:af-raf,
  title         = "{AF-Raf} source code",
  howpublished  = "\url{http://agentfactory.svn.sourceforge.net/viewvc/agentfactory/AF3.0/AF-RAF/}"
                  
}

@InProceedings{   grigore2011,
  author        = "Claudia Grigore and Rem W. Collier",
  title         = "Supporting Agent Systems in the Programming Language",
  booktitle     = "Proceedings of {COIN@WI-IAT}",
  year          = "2011"
}

@Article{         collier2009modeling,
  title         = "Modeling and programming with commitment rules in agent
                  factory",
  author        = "Collier, RW and O'Hare, G.",
  journal       = "Handbook of Research on Emerging Rule-Based Languages and
                  Technologies: Open Solutions and Approaches. IGI
                  Publishing",
  year          = "2009"
}

@Article{         muldoon2009towards,
  title         = "Towards pervasive intelligence: Reflections on the
                  evolution of the agent factory framework",
  author        = "Muldoon, C. and O'Hare, G.M.P. and Collier, R.W. and
                  O'Grady, M.J.",
  journal       = "Multi-Agent Programming:",
  pages         = "187--212",
  year          = "2009",
  publisher     = "Springer"
}

@Article{         ross2005af,
  title         = "AF-APL--Bridging Principles and Practice in Agent Oriented
                  Languages",
  author        = "Ross, R. and Collier, R. and O’Hare, G.",
  journal       = "Programming Multi-Agent Systems",
  pages         = "66--88",
  year          = "2005",
  publisher     = "Springer"
}

@Article{         russell2011af,
  title         = "{Agent Factory}: A Framework for Prototyping Logic-Based
                  {AOP} Languages",
  author        = "Russell, S. and Jordan, H. and O'Hare, G. and Collier, R",
  journal       = "In Proceedings of the Ninth German Conference on
                  Multi-Agent System Technologies",
  year          = "2011"
}

@Article{         dblp:journals/ai/shoham93,
  author        = "Yoav Shoham",
  title         = "Agent-Oriented Programming",
  journal       = "Artif. Intell.",
  volume        = "60",
  number        = "1",
  year          = "1993",
  pages         = "51-92",
  ee            = "http://dx.doi.org/10.1016/0004-3702(93)90034-9",
  bibsource     = "DBLP, http://dblp.uni-trier.de"
}

@PhDThesis{       collier2002agent,
  title         = "Agent factory: A framework for the engineering of
                  agent-oriented applications",
  author        = "Collier, R.W.",
  year          = "2002",
  school        = "Citeseer"
}

@InProceedings{   poslad2000fipa,
  title         = "The FIPA-OS agent platform: Open source for open
                  standards",
  author        = "Poslad, S. and Buckle, P. and Hadingham, R.",
  booktitle     = "Proceedings of the 5th International Conference and
                  Exhibition on the Practical Application of Intelligent
                  Agents and Multi-Agents",
  volume        = "355",
  pages         = "368",
  year          = "2000",
  organization  = "Citeseer"
}

@Proceedings{     dblp:conf/parle/1994,
  editor        = "Constantine Halatsis and Dimitris G. Maritsas and George
                  Philokyprou and Sergios Theodoridis",
  title         = "{PARLE '94}: Parallel Architectures and Languages Europe,
                  6th International PARLE Conference, Athens, Greece, July
                  4-8, 1994, Proceedings",
  booktitle     = "PARLE",
  publisher     = "Springer",
  series        = "Lecture Notes in Computer Science",
  volume        = "817",
  year          = "1994",
  isbn          = "3-540-58184-7",
  bibsource     = "DBLP, http://dblp.uni-trier.de"
}

@Book{            dblp:books/daglib/0005958,
  author        = "Benjamin C. Pierce",
  title         = "Types and programming languages",
  publisher     = "MIT Press",
  year          = "2002",
  isbn          = "978-0-262-16209-8",
  pages         = "I-XXI, 1-623",
  bibsource     = "DBLP, http://dblp.uni-trier.de"
}


@Proceedings{     dblp:conf/agents/2000w,
  editor        = "Thomas Wagner and Omer F. Rana",
  title         = "Infrastructure for Agents, Multi-Agent Systems, and
                  Scalable Multi-Agent Systems, International Workshop on
                  Infrastructure for Multi-Agent Systems, Barcelona, Spain,
                  June 3-7, 2000, Revised Papers",
  booktitle     = "Agents Workshop on Infrastructure for Multi-Agent Systems",
  publisher     = "Springer",
  series        = "Lecture Notes in Computer Science",
  volume        = "1887",
  year          = "2001",
  isbn          = "3-540-42315-X",
  bibsource     = "DBLP, http://dblp.uni-trier.de"
}

@Proceedings{     dblp:conf/aose/2003,
  editor        = "Paolo Giorgini and J{\"o}rg P. M{\"u}ller and James Odell",
  title         = "Agent-Oriented Software Engineering IV, 4th International
                  Workshop, AOSE 2003, Melbourne, Australia, July 15, 2003,
                  Revised Papers",
  booktitle     = "AOSE",
  publisher     = "Springer",
  series        = "Lecture Notes in Computer Science",
  volume        = "2935",
  year          = "2003",
  isbn          = "3-540-20826-7",
  bibsource     = "DBLP, http://dblp.uni-trier.de"
}

@Proceedings{     dblp:conf/atal/2005w,
  editor        = "Olivier Boissier and Julian A. Padget and Virginia Dignum
                  and Gabriela Lindemann and Eric T. Matson and Sascha
                  Ossowski and Jaime Sim{\~a}o Sichman and Javier
                  V{\'a}zquez-Salceda",
  title         = "Coordination, Organizations, Institutions, and Norms in
                  Multi-Agent Systems, AAMAS 2005 International Workshops on
                  Agents, Norms and Institutions for Regulated Multi-Agent
                  Systems, ANIREM 2005, and Organizations in Multi-Agent
                  Systems, OOOP 2005, Utrecht, The Netherlands, July 25-26,
                  2005, Revised Selected Papers",
  booktitle     = "AAMAS Workshops",
  publisher     = "Springer",
  series        = "Lecture Notes in Computer Science",
  volume        = "3913",
  year          = "2006",
  isbn          = "3-540-35173-6",
  bibsource     = "DBLP, http://dblp.uni-trier.de"
}

@proceedings{DBLP:conf/promas/2005,
  editor    = {Rafael H. Bordini and
               Mehdi Dastani and
               J{\"u}rgen Dix and
               Amal El Fallah-Seghrouchni},
  title     = {Programming Multi-Agent Systems, Third International Workshop,
               ProMAS 2005, Utrecht, The Netherlands, July 26, 2005, Revised
               and Invited Papers},
  booktitle = {PROMAS},
  publisher = {Springer},
  series    = {Lecture Notes in Computer Science},
  volume    = {3862},
  year      = {2006},
  isbn      = {3-540-32616-2},
  bibsource = {DBLP, http://dblp.uni-trier.de}
}

@Proceedings{     dblp:conf/jit/2002agents,
  editor        = "Ryszard Kowalczyk and J{\"o}rg P. M{\"u}ller and Huaglory
                  Tianfield and Rainer Unland",
  title         = "Agent Technologies, Infrastructures, Tools, and
                  Applications for E-Services, NODe 2002 Agent-Related
                  Workshops, Erfurt, Germany, October 7-10, 2002. Revised
                  Papers",
  booktitle     = "Agent Technologies, Infrastructures, Tools, and
                  Applications for E-Services",
  publisher     = "Springer",
  series        = "Lecture Notes in Computer Science",
  volume        = "2592",
  year          = "2003",
  isbn          = "3-540-00742-3",
  bibsource     = "DBLP, http://dblp.uni-trier.de"
}

@proceedings{DBLP:conf/promas/2012,
  editor    = {Mehdi Dastani and
               Jomi Fred H{\"u}bner and
               Brian Logan},
  title     = {Programming Multi-Agent Systems - 10th International Workshop,
               ProMAS 2012, Valencia, Spain, June 5, 2012, Revised Selected
               Papers},
  booktitle = {ProMAS},
  publisher = {Springer},
  series    = {Lecture Notes in Computer Science},
  volume    = {7837},
  year      = {2013},
  isbn      = {978-3-642-38699-2},
  ee        = {http://dx.doi.org/10.1007/978-3-642-38700-5},
  bibsource = {DBLP, http://dblp.uni-trier.de}
}

@Article{         dblp:journals/toplas/hallhjw96,
  author        = "Cordelia V. Hall and Kevin Hammond and Simon L. Peyton
                  Jones and Philip Wadler",
  title         = "Type Classes in Haskell",
  journal       = "ACM Trans. Program. Lang. Syst.",
  volume        = "18",
  number        = "2",
  year          = "1996",
  pages         = "109-138",
  ee            = "http://doi.acm.org/10.1145/227699.227700",
  bibsource     = "DBLP, http://dblp.uni-trier.de"
}

@PhDThesis{       phd:rem,
  author        = "Collier, Rem William",
  title         = "{Agent Factory}: A Framework for the Engineering of
                  Agent-Oriented Applications",
  school        = "National University of Ireland",
  year          = "2002"
}

@Misc{            web:pj-tc,
  author        = "Peyton Jones, Simon",
  title         = "Classes, {Jim}, but not as we know them",
  year          = "2009",
  note          = "Invited talk at {ECOOP}",
  howpublished  = "\url{http://goo.gl/L9cAm}"
}

@article{biddle1986recent,
  title={Recent development in role theory},
  author={Biddle, B.J.},
  journal={Annual review of sociology},
  pages={67--92},
  year={1986},
  publisher={JSTOR}
}

@article{deloach2004mase,
  title={The mase methodology},
  author={DeLoach, S.},
  journal={Methodologies and software engineering for agent systems},
  pages={107--125},
  year={2004},
  publisher={Springer}
}

@article{DBLP:journals/ao/Herrmann07,
  author    = {Stephan Herrmann},
  title     = {A precise model for contextual roles: The programming language
               ObjectTeams/Java },
  journal   = {Applied Ontology},
  volume    = {2},
  number    = {2},
  year      = {2007},
  pages     = {181-207},
  ee        = {http://iospress.metapress.com/content/m186325145u8166n/},
  bibsource = {DBLP, http://dblp.uni-trier.de}
}

@ARTICLE{Jennings00agent-orientedsoftware,
    author = {Nicholas R. Jennings and Michael Wooldridge},
    title = {Agent-Oriented Software Engineering},
    journal = {ARTIFICIAL INTELLIGENCE},
    year = {2000},
    volume = {117},
    pages = {277--296}
}

@article{DBLP:journals/aamas/WooldridgeJK00,
  author    = {Michael Wooldridge and
               Nicholas R. Jennings and
               David Kinny},
  title     = {The Gaia Methodology for Agent-Oriented Analysis and Design},
  journal   = {Autonomous Agents and Multi-Agent Systems},
  volume    = {3},
  number    = {3},
  year      = {2000},
  pages     = {285-312},
  ee        = {http://dx.doi.org/10.1023/A:1010071910869},
  bibsource = {DBLP, http://dblp.uni-trier.de}
}

@article{luck2005agent,
  title={Agent technology: computing as interaction (a roadmap for agent based computing)},
  author={Luck, M. and McBurney, P. and Shehory, O. and Willmott, S.},
  year={2005},
  publisher={University of Southampton}
}

@inproceedings{bauer2001agent,
  title={Agent UML: A formalism for specifying multiagent software systems},
  author={Bauer, B. and M{\"u}ller, J. and Odell, J.},
  booktitle={Agent-oriented software engineering},
  pages={109--120},
  year={2001},
  organization={Springer}
}

@inproceedings{collier1999agent,
  title={Agent factory: A revised agent prototyping environment},
  author={Collier, RW and O'Hare, GMP},
  booktitle={10th Irish Conference on Artificial Intelligence \& Cognitive Science},
  pages={1--3},
  year={1999}
}

@inproceedings{DBLP:conf/agents/NwanaNLC99,
  author    = {Hyacinth S. Nwana and
               Divine T. Ndumu and
               Lyndon C. Lee and
               Jaron C. Collis},
  title     = {ZEUS: A Toolkit and Approach for Building Distributed Multi-Agent
               Systems},
  booktitle = {Agents},
  year      = {1999},
  pages     = {360-361},
  ee        = {http://doi.acm.org/10.1145/301136.301234},
  bibsource = {DBLP, http://dblp.uni-trier.de}
}

@inproceedings{DBLP:conf/atal/PadghamW02,
  author    = {Lin Padgham and
               Michael Winikoff},
  title     = {Prometheus: a methodology for developing intelligent agents},
  booktitle = {AAMAS},
  year      = {2002},
  pages     = {37-38},
  ee        = {http://doi.acm.org/10.1145/544741.544749},
  crossref  = {DBLP:conf/atal/2002},
  bibsource = {DBLP, http://dblp.uni-trier.de}
}

@inproceedings{DBLP:conf/coopis/BechtGKM99,
  author    = {Michael Becht and
               Thorsten Gurzki and
               J{\"u}rgen Klarmann and
               Matthias Muscholl},
  title     = {ROPE: Role Oriented Programming Environment for Multiagent
               Systems},
  booktitle = {CoopIS},
  year      = {1999},
  pages     = {325-333},
  ee        = {http://doi.ieeecomputersociety.org/10.1109/COOPIS.1999.792181},
  crossref  = {DBLP:conf/coopis/1999},
  bibsource = {DBLP, http://dblp.uni-trier.de}
}

@inproceedings{DBLP:conf/coopis/CabriLZ03,
    author    = {Giacomo Cabri and
                     Letizia Leonardi and
                                      Franco Zambonelli},
    title     = {BRAIN: A Framework for Flexible Role-Based Interactions
                       in Multiagent Systems},
    booktitle = {CoopIS/DOA/ODBASE},
    year      = {2003},
    pages     = {145-161},
    ee        = {http://dx.doi.org/10.1007/978-3-540-39964-3_11},
    crossref  = {DBLP:conf/coopis/2003},
    bibsource = {DBLP, http://dblp.uni-trier.de}
}

@inproceedings{DBLP:conf/maamaw/Rao96,
  author    = {Anand S. Rao},
  title     = {AgentSpeak(L): BDI Agents Speak Out in a Logical Computable
               Language},
  booktitle = {MAAMAW},
  year      = {1996},
  pages     = {42-55},
  ee        = {http://dx.doi.org/10.1007/BFb0031845},
  crossref  = {DBLP:conf/maamaw/1996},
  bibsource = {DBLP, http://dblp.uni-trier.de}
}

@inproceedings{DBLP:conf/promas/DastaniRDM03,
  author    = {Mehdi Dastani and
               Birna van Riemsdijk and
               Frank Dignum and
               John-Jules Ch. Meyer},
  title     = {A Programming Language for Cognitive Agents Goal Directed
               3APL},
  booktitle = {PROMAS},
  year      = {2003},
  pages     = {111-130},
  ee        = {http://dx.doi.org/10.1007/978-3-540-25936-7_6},
  crossref  = {DBLP:conf/promas/2003},
  bibsource = {DBLP, http://dblp.uni-trier.de}
}

@inproceedings{DBLP:conf/sbia/HubnerSB02,
  author    = {Jomi Fred H{\"u}bner and
               Jaime Sim{\~a}o Sichman and
               Olivier Boissier},
  title     = {A Model for the Structural, Functional, and Deontic Specification
               of Organizations in Multiagent Systems},
  booktitle = {SBIA},
  year      = {2002},
  pages     = {118-128},
  ee        = {http://dx.doi.org/10.1007/3-540-36127-8_12},
  crossref  = {DBLP:conf/sbia/2002},
  bibsource = {DBLP, http://dblp.uni-trier.de}
}

@inproceedings{DBLP:conf/seke/CollierOR04,
  author    = {Rem W. Collier and
               Gregory M. P. O'Hare and
               Colm Rooney},
  title     = {A UML-based Software Engineering Methodology for Agent Factory},
  booktitle = {SEKE},
  year      = {2004},
  pages     = {25-30},
  crossref  = {DBLP:conf/seke/2004},
  bibsource = {DBLP, http://dblp.uni-trier.de}
}

@inproceedings{ferber1998meta,
  title={A meta-model for the analysis and design of organizations in multi-agent systems},
  author={Ferber, J. and Gutknecht, O.},
  booktitle={Multi Agent Systems, 1998. Proceedings. International Conference on},
  pages={128--135},
  year={1998},
  organization={IEEE}
}

@inproceedings{DBLP:conf/snpd/MonpratarnchaiT08,
  author    = {Supasit Monpratarnchai and
               Tamai Tetsuo},
  title     = {The Implementation and Execution Framework of a Role Model
               Based Language, EpsilonJ},
  booktitle = {SNPD},
  year      = {2008},
  pages     = {269-276},
  ee        = {http://doi.ieeecomputersociety.org/10.1109/SNPD.2008.103},
  crossref  = {DBLP:conf/snpd/2008},
  bibsource = {DBLP, http://dblp.uni-trier.de}
}

@inproceedings{DBLP:conf/esaw/RiemsdijkHJ09,
  author    = {M. Birna van Riemsdijk and
               Koen V. Hindriks and
               Catholijn M. Jonker},
  title     = {Programming Organization-Aware Agents},
  booktitle = {ESAW},
  year      = {2009},
  pages     = {98-112},
  ee        = {http://dx.doi.org/10.1007/978-3-642-10203-5_9},
  crossref  = {DBLP:conf/esaw/2009},
  bibsource = {DBLP, http://dblp.uni-trier.de}
}

@InProceedings{   dblp:conf/parle/takeuchihk94,
  author        = "Kaku Takeuchi and Kohei Honda and Makoto Kubo",
  title         = "An Interaction-based Language and its Typing System",
  booktitle     = "PARLE",
  year          = "1994",
  pages         = "398-413",
  crossref      = "DBLP:conf/parle/1994",
  bibsource     = "DBLP, http://dblp.uni-trier.de"
}


@InProceedings{   dblp:conf/agents/gutknechtf00a,
  author        = "Olivier Gutknecht and Jacques Ferber",
  title         = "The {MADKIT} Agent Platform Architecture",
  booktitle     = "Agents Workshop on Infrastructure for Multi-Agent Systems",
  year          = "2000",
  pages         = "48-55",
  ee            = "http://link.springer.de/link/service/series/0558/bibs/1887/18870048.htm"
                  ,
  crossref      = "DBLP:conf/agents/2000w",
  bibsource     = "DBLP, http://dblp.uni-trier.de"
}

@InProceedings{   dblp:conf/aose/ferbergm03,
  author        = "Jacques Ferber and Olivier Gutknecht and Fabien Michel",
  title         = "From Agents to Organizations: An Organizational View of
                  Multi-agent Systems",
  booktitle     = "AOSE",
  year          = "2003",
  pages         = "214-230",
  ee            = "http://springerlink.metapress.com/openurl.asp?genre=article{\&}issn=0302-9743{\&}volume=2935{\&}spage=214"
                  ,
  crossref      = "DBLP:conf/aose/2003",
  bibsource     = "DBLP, http://dblp.uni-trier.de"
}

@InProceedings{   dblp:conf/atal/hubnersb05,
  author        = "Jomi Fred H{\"u}bner and Jaime Sim{\~a}o Sichman and
                  Olivier Boissier",
  title         = "{S-MOISE$^{\mbox{+}}$}: A Middleware for Developing
                  Organised Multi-agent Systems",
  booktitle     = "AAMAS Workshops",
  year          = "2005",
  pages         = "64-78",
  ee            = "http://dx.doi.org/10.1007/11775331_5",
  crossref      = "DBLP:conf/atal/2005w",
  bibsource     = "DBLP, http://dblp.uni-trier.de"
}

@InProceedings{   dblp:conf/jit/moraitisps02,
  author        = "Pavlos Moraitis and Eleftheria Petraki and Nikolaos I.
                  Spanoudakis",
  title         = "Engineering {JADE} Agents with the {Gaia} Methodology",
  booktitle     = "Agent Technologies, Infrastructures, Tools, and
                  Applications for E-Services",
  year          = "2002",
  pages         = "77-91",
  ee            = "http://link.springer.de/link/service/series/0558/bibs/2592/25920077.htm"
                  ,
  crossref      = "DBLP:conf/jit/2002agents",
  bibsource     = "DBLP, http://dblp.uni-trier.de"
}


@Misc{            site:af-raf,
  title         = "{AF-Raf} source code",
  howpublished  = "\url{http://agentfactory.svn.sourceforge.net/viewvc/agentfactory/AF3.0/AF-RAF/}"
                  
}

@InProceedings{   grigore2011,
  author        = "Claudia Grigore and Rem W. Collier",
  title         = "Supporting Agent Systems in the Programming Language",
  booktitle     = "Proceedings of {COIN@WI-IAT}",
  year          = "2011"
}


@Article{         ross2005af,
  title         = "AF-APL--Bridging Principles and Practice in Agent Oriented
                  Languages",
  author        = "Ross, R. and Collier, R. and O’Hare, G.",
  journal       = "Programming Multi-Agent Systems",
  pages         = "66--88",
  year          = "2005",
  publisher     = "Springer"
}


@techreport{deloach2001analysis,
  title={Analysis and Design using MaSE and agentTool},
  author={DeLoach, S.A.},
  year={2001},
  institution={DTIC Document}
}


@proceedings{DBLP:conf/coopis/2003,
  editor    = {Robert Meersman and
               Zahir Tari and
               Douglas C. Schmidt},
  title     = {On The Move to Meaningful Internet Systems 2003: CoopIS,
               DOA, and ODBASE - OTM Confederated International Conferences,
               CoopIS, DOA, and ODBASE 2003, Catania, Sicily, Italy, November
               3-7, 2003},
  booktitle = {CoopIS/DOA/ODBASE},
  publisher = {Springer},
  series    = {Lecture Notes in Computer Science},
  volume    = {2888},
  year      = {2003},
  isbn      = {3-540-20498-9},
  bibsource = {DBLP, http://dblp.uni-trier.de}
}

@proceedings{DBLP:conf/maamaw/1996,
  editor    = {Walter Van de Velde and
               John W. Perram},
  title     = {Agents Breaking Away, 7th European Workshop on Modelling
               Autonomous Agents in a Multi-Agent World, Eindhoven, The
               Netherlands, January 22-25, 1996, Proceedings},
  booktitle = {MAAMAW},
  publisher = {Springer},
  series    = {Lecture Notes in Computer Science},
  volume    = {1038},
  year      = {1996},
  isbn      = {3-540-60852-4},
  bibsource = {DBLP, http://dblp.uni-trier.de}
}

@proceedings{DBLP:conf/coopis/1999,
  title     = {Proceedings of the Fourth IFCIS International Conference
               on Cooperative Information Systems, Edinburgh, Scotland,
               September 2-4, 1999},
  booktitle = {CoopIS},
  publisher = {IEEE Computer Society},
  year      = {1999},
  bibsource = {DBLP, http://dblp.uni-trier.de}
}

@proceedings{DBLP:conf/ctcs/1987,
  editor    = {David H. Pitt and
               Axel Poign{\'e} and
               David E. Rydeheard},
  title     = {Category Theory and Computer Science, Edinburgh, {UK}, September
               7-9, 1987, Proceedings},
  booktitle = {CTCS},
  publisher = {Springer},
  series    = {Lecture Notes in Computer Science},
  volume    = {283},
  year      = {1987},
  isbn      = {3-540-18508-9},
  bibsource = {DBLP, http://dblp.uni-trier.de}
}

@proceedings{DBLP:conf/promas/2003,
  editor    = {Mehdi Dastani and
               J{\"u}rgen Dix and
               Amal El Fallah-Seghrouchni},
  title     = {Programming Multi-Agent Systems, First International Workshop,
               PROMAS 2003, Melbourne, Australia, July 15, 2003, Selected
               Revised and Invited Papers},
  booktitle = {PROMAS},
  publisher = {Springer},
  series    = {Lecture Notes in Computer Science},
  volume    = {3067},
  year      = {2004},
  isbn      = {3-540-22180-8},
  bibsource = {DBLP, http://dblp.uni-trier.de}
}

@proceedings{DBLP:conf/sbia/2002,
  editor    = {Guilherme Bittencourt and
               Geber Ramalho},
  title     = {Advances in Artificial Intelligence, 16th Brazilian Symposium
               on Artificial Intelligence, SBIA 2002, Porto de Galinhas/Recife,
               Brazil, November 11-14, 2002, Proceedings},
  booktitle = {SBIA},
  publisher = {Springer},
  series    = {Lecture Notes in Computer Science},
  volume    = {2507},
  year      = {2002},
  isbn      = {3-540-00124-7},
  bibsource = {DBLP, http://dblp.uni-trier.de}
}


@proceedings{DBLP:conf/seke/2004,
  editor    = {Frank Maurer and
               G{\"u}nther Ruhe},
  title     = {Proceedings of the Sixteenth International Conference on
               Software Engineering {\&} Knowledge Engineering (SEKE'2004),
               Banff, Alberta, Canada, June 20-24, 2004},
  booktitle = {SEKE},
  year      = {2004},
  isbn      = {1-891706-14-4},
  bibsource = {DBLP, http://dblp.uni-trier.de}
}

@Proceedings{     dblp:conf/parle/1994,
  editor        = "Constantine Halatsis and Dimitris G. Maritsas and George
                  Philokyprou and Sergios Theodoridis",
  title         = "{PARLE '94}: Parallel Architectures and Languages Europe,
                  6th International PARLE Conference, Athens, Greece, July
                  4-8, 1994, Proceedings",
  booktitle     = "PARLE",
  publisher     = "Springer",
  series        = "Lecture Notes in Computer Science",
  volume        = "817",
  year          = "1994",
  isbn          = "3-540-58184-7",
  bibsource     = "DBLP, http://dblp.uni-trier.de"
}

@proceedings{DBLP:conf/snpd/2008,
  title     = {Ninth ACIS International Conference on Software Engineering,
               Artificial Intelligence, Networking and Parallel/Distributed
               Computing, SNPD 2008, In conjunction with Second International
               Workshop on Advanced Internet Technology and Applications,
               August 6-8, 2008, Phuket, Thailand},
  booktitle = {SNPD},
  publisher = {IEEE Computer Society},
  year      = {2008},
  isbn      = {978-0-7695-3263-9},
  bibsource = {DBLP, http://dblp.uni-trier.de}
}

@Book{            dblp:books/daglib/0005958,
  author        = "Benjamin C. Pierce",
  title         = "Types and programming languages",
  publisher     = "MIT Press",
  year          = "2002",
  isbn          = "978-0-262-16209-8",
  pages         = "I-XXI, 1-623",
  bibsource     = "DBLP, http://dblp.uni-trier.de"
}

@book{DBLP:books/daglib/0076175,
  author    = {William F. Clocksin and
               Christopher S. Mellish},
  title     = {Programming in Prolog (4. ed.)},
  publisher = {Springer},
  year      = {1994},
  isbn      = {978-3-540-58350-9},
  pages     = {I-XIV, 1-281},
  bibsource = {DBLP, http://dblp.uni-trier.de}
}

@Proceedings{     dblp:conf/agents/2000w,
  editor        = "Thomas Wagner and Omer F. Rana",
  title         = "Infrastructure for Agents, Multi-Agent Systems, and
                  Scalable Multi-Agent Systems, International Workshop on
                  Infrastructure for Multi-Agent Systems, Barcelona, Spain,
                  June 3-7, 2000, Revised Papers",
  booktitle     = "Agents Workshop on Infrastructure for Multi-Agent Systems",
  publisher     = "Springer",
  series        = "Lecture Notes in Computer Science",
  volume        = "1887",
  year          = "2001",
  isbn          = "3-540-42315-X",
  bibsource     = "DBLP, http://dblp.uni-trier.de"
}

@proceedings{DBLP:conf/esaw/2009,
  editor    = {Huib Aldewereld and
               Virginia Dignum and
               Gauthier Picard},
  title     = {Engineering Societies in the Agents World X, 10th International
               Workshop, ESAW 2009, Utrecht, The Netherlands, November
               18-20, 2009. Proceedings},
  booktitle = {ESAW},
  publisher = {Springer},
  series    = {Lecture Notes in Computer Science},
  volume    = {5881},
  year      = {2009},
  isbn      = {978-3-642-10202-8},
  ee        = {http://dx.doi.org/10.1007/978-3-642-10203-5},
  bibsource = {DBLP, http://dblp.uni-trier.de}
}

@Proceedings{     dblp:conf/aose/2003,
  editor        = "Paolo Giorgini and J{\"o}rg P. M{\"u}ller and James Odell",
  title         = "Agent-Oriented Software Engineering IV, 4th International
                  Workshop, AOSE 2003, Melbourne, Australia, July 15, 2003,
                  Revised Papers",
  booktitle     = "AOSE",
  publisher     = "Springer",
  series        = "Lecture Notes in Computer Science",
  volume        = "2935",
  year          = "2003",
  isbn          = "3-540-20826-7",
  bibsource     = "DBLP, http://dblp.uni-trier.de"
}

@Proceedings{     dblp:conf/atal/2005w,
  editor        = "Olivier Boissier and Julian A. Padget and Virginia Dignum
                  and Gabriela Lindemann and Eric T. Matson and Sascha
                  Ossowski and Jaime Sim{\~a}o Sichman and Javier
                  V{\'a}zquez-Salceda",
  title         = "Coordination, Organizations, Institutions, and Norms in
                  Multi-Agent Systems, AAMAS 2005 International Workshops on
                  Agents, Norms and Institutions for Regulated Multi-Agent
                  Systems, ANIREM 2005, and Organizations in Multi-Agent
                  Systems, OOOP 2005, Utrecht, The Netherlands, July 25-26,
                  2005, Revised Selected Papers",
  booktitle     = "AAMAS Workshops",
  publisher     = "Springer",
  series        = "Lecture Notes in Computer Science",
  volume        = "3913",
  year          = "2006",
  isbn          = "3-540-35173-6",
  bibsource     = "DBLP, http://dblp.uni-trier.de"
}

@Proceedings{     dblp:conf/jit/2002agents,
  editor        = "Ryszard Kowalczyk and J{\"o}rg P. M{\"u}ller and Huaglory
                  Tianfield and Rainer Unland",
  title         = "Agent Technologies, Infrastructures, Tools, and
                  Applications for E-Services, NODe 2002 Agent-Related
                  Workshops, Erfurt, Germany, October 7-10, 2002. Revised
                  Papers",
  booktitle     = "Agent Technologies, Infrastructures, Tools, and
                  Applications for E-Services",
  publisher     = "Springer",
  series        = "Lecture Notes in Computer Science",
  volume        = "2592",
  year          = "2003",
  isbn          = "3-540-00742-3",
  bibsource     = "DBLP, http://dblp.uni-trier.de"
}



@Article{         dblp:journals/toplas/hallhjw96,
  author        = "Cordelia V. Hall and Kevin Hammond and Simon L. Peyton
                  Jones and Philip Wadler",
  title         = "Type Classes in Haskell",
  journal       = "ACM Trans. Program. Lang. Syst.",
  volume        = "18",
  number        = "2",
  year          = "1996",
  pages         = "109-138",
  ee            = "http://doi.acm.org/10.1145/227699.227700",
  bibsource     = "DBLP, http://dblp.uni-trier.de"
}

@PhDThesis{       phd:rem,
  author        = "Collier, Rem William",
  title         = "{Agent Factory}: A Framework for the Engineering of
                  Agent-Oriented Applications",
  school        = "National University of Ireland",
  year          = "2002"
}

@Misc{            web:pj-tc,
  author        = "Peyton Jones, Simon",
  title         = "Classes, {Jim}, but not as we know them",
  year          = "2009",
  note          = "Invited talk at {ECOOP}",
  howpublished  = "\url{http://goo.gl/L9cAm}"
}

@Misc{Collier_arole-based,
    author = {R. Collier and R. Ross and G. M. P. O'Hare},
    title = {A Role-based Approach to Reuse in Agent-Oriented Programming},
    year = {2008}
}
