
@InCollection{    dblp:books/sp/map2005/bellifeminebcp05,
  author        = "Fabio Bellifemine and Federico Bergenti and Giovanni Caire
                  and Agostino Poggi",
  title         = "{JADE} - A {Java} Agent Development Framework",
  booktitle     = "Multi-Agent Programming",
  year          = "2005",
  pages         = "125-147",
  crossref      = "DBLP:books/sp/map05",
  bibsource     = "DBLP, http://dblp.uni-trier.de"
}

@InProceedings{   dblp:conf/ctcs/hagino87,
  author        = "Tatsuya Hagino",
  title         = "A Typed Lambda Calculus with Categorical Type
                  Constructors",
  booktitle     = "Category Theory and Computer Science",
  year          = "1987",
  pages         = "140-157",
  crossref      = "DBLP:conf/ctcs/1987",
  bibsource     = "DBLP, http://dblp.uni-trier.de"
}

@InProceedings{   dblp:conf/parle/takeuchihk94,
  author        = "Kaku Takeuchi and Kohei Honda and Makoto Kubo",
  title         = "An Interaction-based Language and its Typing System",
  booktitle     = "PARLE",
  year          = "1994",
  pages         = "398-413",
  crossref      = "DBLP:conf/parle/1994",
  bibsource     = "DBLP, http://dblp.uni-trier.de"
}

@InProceedings{   dblp:conf/popl/hondayc08,
  author        = "Kohei Honda and Nobuko Yoshida and Marco Carbone",
  title         = "Multiparty asynchronous session types",
  booktitle     = "POPL",
  year          = "2008",
  pages         = "273-284",
  ee            = "http://doi.acm.org/10.1145/1328438.1328472",
  crossref      = "DBLP:conf/popl/2008",
  bibsource     = "DBLP, http://dblp.uni-trier.de"
}

@InProceedings{   dblp:conf/agents/gutknechtf00a,
  author        = "Olivier Gutknecht and Jacques Ferber",
  title         = "The {MADKIT} Agent Platform Architecture",
  booktitle     = "Agents Workshop on Infrastructure for Multi-Agent Systems",
  year          = "2000",
  pages         = "48-55",
  ee            = "http://link.springer.de/link/service/series/0558/bibs/1887/18870048.htm"
                  ,
  crossref      = "DBLP:conf/agents/2000w",
  bibsource     = "DBLP, http://dblp.uni-trier.de"
}

@InProceedings{   dblp:conf/aose/ferbergm03,
  author        = "Jacques Ferber and Olivier Gutknecht and Fabien Michel",
  title         = "From Agents to Organizations: An Organizational View of
                  Multi-agent Systems",
  booktitle     = "AOSE",
  year          = "2003",
  pages         = "214-230",
  ee            = "http://springerlink.metapress.com/openurl.asp?genre=article{\&}issn=0302-9743{\&}volume=2935{\&}spage=214"
                  ,
  crossref      = "DBLP:conf/aose/2003",
  bibsource     = "DBLP, http://dblp.uni-trier.de"
}

@InProceedings{   dblp:conf/atal/hubnersb05,
  author        = "Jomi Fred H{\"u}bner and Jaime Sim{\~a}o Sichman and
                  Olivier Boissier",
  title         = "{S-MOISE$^{\mbox{+}}$}: A Middleware for Developing
                  Organised Multi-agent Systems",
  booktitle     = "AAMAS Workshops",
  year          = "2005",
  pages         = "64-78",
  ee            = "http://dx.doi.org/10.1007/11775331_5",
  crossref      = "DBLP:conf/atal/2005w",
  bibsource     = "DBLP, http://dblp.uni-trier.de"
}

@InProceedings{   dblp:conf/jit/moraitisps02,
  author        = "Pavlos Moraitis and Eleftheria Petraki and Nikolaos I.
                  Spanoudakis",
  title         = "Engineering {JADE} Agents with the {Gaia} Methodology",
  booktitle     = "Agent Technologies, Infrastructures, Tools, and
                  Applications for E-Services",
  year          = "2002",
  pages         = "77-91",
  ee            = "http://link.springer.de/link/service/series/0558/bibs/2592/25920077.htm"
                  ,
  crossref      = "DBLP:conf/jit/2002agents",
  bibsource     = "DBLP, http://dblp.uni-trier.de"
}

@InProceedings{   dblp:conf/prima/dastanims08,
  author        = "Mehdi Dastani and Christian P. Mol and Bas R. Steunebrink",
  title         = "Modularity in Agent Programming Languages",
  booktitle     = "PRIMA",
  year          = "2008",
  pages         = "139-152",
  ee            = "http://dx.doi.org/10.1007/978-3-540-89674-6_17",
  crossref      = "DBLP:conf/prima/2008",
  bibsource     = "DBLP, http://dblp.uni-trier.de"
}

@Misc{            site:af-raf,
  title         = "{AF-Raf} source code",
  howpublished  = "\url{http://agentfactory.svn.sourceforge.net/viewvc/agentfactory/AF3.0/AF-RAF/}"
                  
}

@InProceedings{   grigore2011,
  author        = "Claudia Grigore and Rem W. Collier",
  title         = "Supporting Agent Systems in the Programming Language",
  booktitle     = "Proceedings of {COIN@WI-IAT}",
  year          = "2011"
}

@Article{         collier2009modeling,
  title         = "Modeling and programming with commitment rules in agent
                  factory",
  author        = "Collier, RW and O’Hare, G.",
  journal       = "Handbook of Research on Emerging Rule-Based Languages and
                  Technologies: Open Solutions and Approaches. IGI
                  Publishing",
  year          = "2009"
}

@Article{         muldoon2009towards,
  title         = "Towards pervasive intelligence: Reflections on the
                  evolution of the agent factory framework",
  author        = "Muldoon, C. and O’Hare, G.M.P. and Collier, R.W. and
                  O’Grady, M.J.",
  journal       = "Multi-Agent Programming:",
  pages         = "187--212",
  year          = "2009",
  publisher     = "Springer"
}

@Article{         ross2005af,
  title         = "AF-APL--Bridging Principles and Practice in Agent Oriented
                  Languages",
  author        = "Ross, R. and Collier, R. and O’Hare, G.",
  journal       = "Programming Multi-Agent Systems",
  pages         = "66--88",
  year          = "2005",
  publisher     = "Springer"
}

@Article{         russell2011af,
  title         = "{Agent Factory}: A Framework for Prototyping Logic-Based
                  {AOP} Languages",
  author        = "Russell, S. and Jordan, H. and O'Hare, G. and Collier, R",
  journal       = "In Proceedings of the Ninth German Conference on
                  Multi-Agent System Technologies",
  year          = "2011"
}

@Article{         dblp:journals/ai/shoham93,
  author        = "Yoav Shoham",
  title         = "Agent-Oriented Programming",
  journal       = "Artif. Intell.",
  volume        = "60",
  number        = "1",
  year          = "1993",
  pages         = "51-92",
  ee            = "http://dx.doi.org/10.1016/0004-3702(93)90034-9",
  bibsource     = "DBLP, http://dblp.uni-trier.de"
}

@InProceedings{   collier2005,
  author        = "Rem Collier and Robert Ross and Gregory O'Hare",
  title         = "A Role-based Approach to Reuse in Agent-Oriented
                  Programming",
  booktitle     = "AAAI Fall Symposium: Roles, an Interdisciplinary
                  Perspective",
  year          = "2005",
  address       = "Arlington, Virginia, USA",
  month         = "3-6 November"
}

@Book{            dblp:books/sp/map05,
  editor        = "Rafael H. Bordini and Mehdi Dastani and J{\"u}rgen Dix and
                  Amal El Fallah-Seghrouchni",
  title         = "Multi-Agent Programming: Languages, Platforms and
                  Applications",
  booktitle     = "Multi-Agent Programming",
  publisher     = "Springer",
  series        = "Multiagent Systems, Artificial Societies, and Simulated
                  Organizations",
  volume        = "15",
  year          = "2005",
  isbn          = "0-387-24568-5",
  bibsource     = "DBLP, http://dblp.uni-trier.de"
}

@Proceedings{     dblp:conf/ctcs/1987,
  editor        = "David H. Pitt and Axel Poign{\'e} and David E. Rydeheard",
  title         = "Category Theory and Computer Science, Edinburgh, {UK},
                  September 7-9, 1987, Proceedings",
  booktitle     = "CTCS",
  publisher     = "Springer",
  series        = "Lecture Notes in Computer Science",
  volume        = "283",
  year          = "1987",
  isbn          = "3-540-18508-9",
  bibsource     = "DBLP, http://dblp.uni-trier.de"
}

@Article{         dblp:journals/tosem/zambonellijw03,
  author        = "Franco Zambonelli and Nicholas R. Jennings and Michael
                  Wooldridge",
  title         = "Developing multiagent systems: The Gaia methodology",
  journal       = "ACM Trans. Softw. Eng. Methodol.",
  volume        = "12",
  number        = "3",
  year          = "2003",
  pages         = "317-370",
  ee            = "http://doi.acm.org/10.1145/958961.958963",
  bibsource     = "DBLP, http://dblp.uni-trier.de"
}

@PhDThesis{       collier2002agent,
  title         = "Agent factory: A framework for the engineering of
                  agent-oriented applications",
  author        = "Collier, R.W.",
  year          = "2002",
  school        = "Citeseer"
}

@InProceedings{   poslad2000fipa,
  title         = "The FIPA-OS agent platform: Open source for open
                  standards",
  author        = "Poslad, S. and Buckle, P. and Hadingham, R.",
  booktitle     = "Proceedings of the 5th International Conference and
                  Exhibition on the Practical Application of Intelligent
                  Agents and Multi-Agents",
  volume        = "355",
  pages         = "368",
  year          = "2000",
  organization  = "Citeseer"
}

@Proceedings{     dblp:conf/parle/1994,
  editor        = "Constantine Halatsis and Dimitris G. Maritsas and George
                  Philokyprou and Sergios Theodoridis",
  title         = "{PARLE '94}: Parallel Architectures and Languages Europe,
                  6th International PARLE Conference, Athens, Greece, July
                  4-8, 1994, Proceedings",
  booktitle     = "PARLE",
  publisher     = "Springer",
  series        = "Lecture Notes in Computer Science",
  volume        = "817",
  year          = "1994",
  isbn          = "3-540-58184-7",
  bibsource     = "DBLP, http://dblp.uni-trier.de"
}

@Book{            dblp:books/daglib/0005958,
  author        = "Benjamin C. Pierce",
  title         = "Types and programming languages",
  publisher     = "MIT Press",
  year          = "2002",
  isbn          = "978-0-262-16209-8",
  pages         = "I-XXI, 1-623",
  bibsource     = "DBLP, http://dblp.uni-trier.de"
}

@InProceedings{   dblp:conf/popl/wadlerb89,
  author        = "Philip Wadler and Stephen Blott",
  title         = "How to Make ad-hoc Polymorphism Less ad-hoc",
  booktitle     = "POPL",
  year          = "1989",
  pages         = "60-76",
  ee            = "http://doi.acm.org/10.1145/75277.75283",
  bibsource     = "DBLP, http://dblp.uni-trier.de"
}

@Proceedings{     dblp:conf/agents/2000w,
  editor        = "Thomas Wagner and Omer F. Rana",
  title         = "Infrastructure for Agents, Multi-Agent Systems, and
                  Scalable Multi-Agent Systems, International Workshop on
                  Infrastructure for Multi-Agent Systems, Barcelona, Spain,
                  June 3-7, 2000, Revised Papers",
  booktitle     = "Agents Workshop on Infrastructure for Multi-Agent Systems",
  publisher     = "Springer",
  series        = "Lecture Notes in Computer Science",
  volume        = "1887",
  year          = "2001",
  isbn          = "3-540-42315-X",
  bibsource     = "DBLP, http://dblp.uni-trier.de"
}

@Proceedings{     dblp:conf/aose/2003,
  editor        = "Paolo Giorgini and J{\"o}rg P. M{\"u}ller and James Odell",
  title         = "Agent-Oriented Software Engineering IV, 4th International
                  Workshop, AOSE 2003, Melbourne, Australia, July 15, 2003,
                  Revised Papers",
  booktitle     = "AOSE",
  publisher     = "Springer",
  series        = "Lecture Notes in Computer Science",
  volume        = "2935",
  year          = "2003",
  isbn          = "3-540-20826-7",
  bibsource     = "DBLP, http://dblp.uni-trier.de"
}

@Proceedings{     dblp:conf/atal/2005w,
  editor        = "Olivier Boissier and Julian A. Padget and Virginia Dignum
                  and Gabriela Lindemann and Eric T. Matson and Sascha
                  Ossowski and Jaime Sim{\~a}o Sichman and Javier
                  V{\'a}zquez-Salceda",
  title         = "Coordination, Organizations, Institutions, and Norms in
                  Multi-Agent Systems, AAMAS 2005 International Workshops on
                  Agents, Norms and Institutions for Regulated Multi-Agent
                  Systems, ANIREM 2005, and Organizations in Multi-Agent
                  Systems, OOOP 2005, Utrecht, The Netherlands, July 25-26,
                  2005, Revised Selected Papers",
  booktitle     = "AAMAS Workshops",
  publisher     = "Springer",
  series        = "Lecture Notes in Computer Science",
  volume        = "3913",
  year          = "2006",
  isbn          = "3-540-35173-6",
  bibsource     = "DBLP, http://dblp.uni-trier.de"
}

@Proceedings{     dblp:conf/jit/2002agents,
  editor        = "Ryszard Kowalczyk and J{\"o}rg P. M{\"u}ller and Huaglory
                  Tianfield and Rainer Unland",
  title         = "Agent Technologies, Infrastructures, Tools, and
                  Applications for E-Services, NODe 2002 Agent-Related
                  Workshops, Erfurt, Germany, October 7-10, 2002. Revised
                  Papers",
  booktitle     = "Agent Technologies, Infrastructures, Tools, and
                  Applications for E-Services",
  publisher     = "Springer",
  series        = "Lecture Notes in Computer Science",
  volume        = "2592",
  year          = "2003",
  isbn          = "3-540-00742-3",
  bibsource     = "DBLP, http://dblp.uni-trier.de"
}

@Proceedings{     dblp:conf/popl/2008,
  editor        = "George C. Necula and Philip Wadler",
  title         = "Proceedings of the 35th ACM SIGPLAN-SIGACT Symposium on
                  Principles of Programming Languages, POPL 2008, San
                  Francisco, California, USA, January 7-12, 2008",
  booktitle     = "POPL",
  publisher     = "ACM",
  year          = "2008",
  isbn          = "978-1-59593-689-9",
  bibsource     = "DBLP, http://dblp.uni-trier.de"
}

@Proceedings{     dblp:conf/prima/2008,
  editor        = "The Duy Bui and Tuong Vinh Ho and Quang-Thuy Ha",
  title         = "Intelligent Agents and Multi-Agent Systems, 11th Pacific
                  Rim International Conference on Multi-Agents, PRIMA 2008,
                  Hanoi, Vietnam, December 15-16, 2008. Proceedings",
  booktitle     = "PRIMA",
  publisher     = "Springer",
  series        = "Lecture Notes in Computer Science",
  volume        = "5357",
  year          = "2008",
  isbn          = "978-3-540-89673-9",
  ee            = "http://dx.doi.org/10.1007/978-3-540-89674-6",
  bibsource     = "DBLP, http://dblp.uni-trier.de"
}

@Article{         dblp:journals/aamas/dastani08,
  author        = "Mehdi Dastani",
  title         = "{2APL}: a practical agent programming language",
  journal       = "Autonomous Agents and Multi-Agent Systems",
  volume        = "16",
  number        = "3",
  year          = "2008",
  pages         = "214-248",
  ee            = "http://dx.doi.org/10.1007/s10458-008-9036-y",
  bibsource     = "DBLP, http://dblp.uni-trier.de"
}

@Article{         dblp:journals/cacm/parnas72a,
  author        = "David Lorge Parnas",
  title         = "On the Criteria To Be Used in Decomposing Systems into
                  Modules",
  journal       = "Commun. ACM",
  volume        = "15",
  number        = "12",
  year          = "1972",
  pages         = "1053-1058",
  bibsource     = "DBLP, http://dblp.uni-trier.de"
}

@Article{         dblp:journals/entcs/baldonibt06,
  author        = "Matteo Baldoni and Guido Boella and Leendert W. N. van der
                  Torre",
  title         = "Roles as a Coordination Construct: Introducing
                  {powerJava}",
  journal       = "Electr. Notes Theor. Comput. Sci.",
  volume        = "150",
  number        = "1",
  year          = "2006",
  pages         = "9-29",
  ee            = "http://dx.doi.org/10.1016/j.entcs.2005.12.021",
  bibsource     = "DBLP, http://dblp.uni-trier.de"
}

@Article{         dblp:journals/toplas/hallhjw96,
  author        = "Cordelia V. Hall and Kevin Hammond and Simon L. Peyton
                  Jones and Philip Wadler",
  title         = "Type Classes in Haskell",
  journal       = "ACM Trans. Program. Lang. Syst.",
  volume        = "18",
  number        = "2",
  year          = "1996",
  pages         = "109-138",
  ee            = "http://doi.acm.org/10.1145/227699.227700",
  bibsource     = "DBLP, http://dblp.uni-trier.de"
}

@PhDThesis{       phd:rem,
  author        = "Collier, Rem William",
  title         = "{Agent Factory}: A Framework for the Engineering of
                  Agent-Oriented Applications",
  school        = "National University of Ireland",
  year          = "2002"
}

@Misc{            web:pj-tc,
  author        = "Peyton Jones, Simon",
  title         = "Classes, {Jim}, but not as we know them",
  year          = "2009",
  note          = "Invited talk at {ECOOP}",
  howpublished  = "\url{http://goo.gl/L9cAm}"
}

@Misc{            web:haskell,
  title         = "{Haskell} 2010 Language Report",
  howpublished  = "\url{http://goo.gl/jDLZv}"
}
